@book{gamma1994design,
    title={Design Patterns: Elements of Reusable Object-Oriented Software},
    author={Gamma, E. and Helm, R. and Johnson, R. and Vlissides, J.},
    isbn={9780321700698},
    series={Addison-Wesley Professional Computing Series},
    url={https://books.google.co.uk/books?id=6oHuKQe3TjQC},
    year={1994},
    publisher={Pearson Education}
},
@misc{wrapvision,
    title={WRAP: Vision},
    author={WRAP},
    url={https://wrap.org.uk/about-us/about},
    journal={Wrap.org.uk},
    year={2020}
},

@misc{wrap-food-drink,
    title={WRAP: Food and Drink},
    author={WRAP},
    url={https://wrap.org.uk/food-drink},
    journal={Wrap.org.uk},
    year={2020}
},

@misc{totalctrl,
    title={TotalCtrl Food Waste Solutions},
    author={TotalCtrl},
    url={https://totalctrl.com/food-waste-solutions-reduce-food-waste-totalctrl},
    journal={totalctl.com},
    year={2020}
},


@misc{asda-food-waste,
    title={Asda food waste},
    url={https://www.asda.com/creating-change-for-better/better-planet/food-waste},
    journal={Asda.com},
    author={ASDA},
    year={2020}
},

@misc{balsamiq,
    title={Balsamiq User Interactive Design Software},
    url={https://balsamiq.com},
    author={Balsamiq},
    year={2020}
    
},

@misc{trello,
    title={Trello Project Management Software},
    url={https://trello.com},
    author={Atlassian},
    year={2020}
    
},

@misc{too-good-to-go,
    title={Too Good To Go - About Us},
    url={https://toogoodtogo.co.uk/en-gb/about-us},
    journal={https://toogoodtogo.co.uk/en-gb},
    author={Too Good To Go},
    year={2020}
},

@misc{asda-food-waste-data,
    title={Asda Food Waste Data},
    url={https://www.asda.com/creating-change-for-better/better-planet/food-waste/data},
    journal={Asda.com},
    author={ASDA},
    year={2019}
},

@misc{asda-sustainable-living,
    title={How to live more sustainably during lockdown},
    url={https://www.asdagoodliving.co.uk/community/how-to-live-more-sustainably-during-lockdown},
    journal={ASDA Good Living},
    author={ASDA},
    year={2020}
},

@misc{asda-wastewar,
    title={Win the war on waste},
    url={https://www.asdagoodliving.co.uk/community/win-the-war-on-waste},
    journal={ASDA},
    author={ASDA},
    year={2020}
}

@misc{design-mobile,
    title={Designing for the Mobile Environment - Some Simple Guidelines},
    url={https://www.interaction-design.org/literature/article/designing-for-the-mobile-environment-some-simple-guidelines#:~:text=Keep%20Navigation%20Simple,clear%20and%20concise%20for%20navigation},
    author={Interaction Design Foundation},
    year={2020}
},
@misc{comprehensive-design,
    title={A Comprehensive Guide To Mobile App Design},
    url={https://www.smashingmagazine.com/2018/02/comprehensive-guide-to-mobile-app-design/},
    author={Smashing Magazine},
    year={2020}
},
@misc{mobile-first,
    title={A Hands-On Guide to MobileFirst Responsive Design},
    url={https://www.uxpin.com/studio/blog/a-hands-on-guide-to-mobile-first-design/},
    author={Studio by UX Pin},
    year={2020} 
},
@misc{twelve-factor,
    title={The Twelve-Factor App},
    url={https://12factor.net/},
    author={Twelve factor App},
    year={2020} 
},
@misc{abstraction,
    title={Abstraction Definition},
    url={https://techterms.com/definition/abstraction},
    author={Tech Terms},
    year={2020} 
},
@misc{component,
    title={Component-based Software development},
    url={https://en.wikipedia.org/wiki/Component-based_software_engineering},
    author={Wikipedia},
    year={2020} 
},
@misc{spring,
    title={Spring Boot Framework},
    url={https://spring.io/why-spring},
    author={Spring},
    year={2020} 
},
@misc{swagger,
    title={Swagger UI},
    url={https://swagger.io/tools/swagger-ui/},
    author={Swagger},
    year={2020} 
},
@misc{insomnia,
    title={Insomnia REST Client},
    url={https://insomnia.rest/},
    author={Insomnia},
    year={2020} 
},